<?xml version="1.0" encoding="UTF-8"?><record xmlns="http://www.loc.gov/MARC21/slim" xmlns:cinclude="http://apache.org/cocoon/include/1.0" xmlns:zs="http://www.loc.gov/zing/srw/">
  <leader>00414nz  a2200133n  4500</leader>
  <controlfield tag="001">no2004022645</controlfield>
  <controlfield tag="003">DLC</controlfield>
  <controlfield tag="005">20040311052749.0</controlfield>
  <controlfield tag="008">040310n| acannaabn          |n aaa     c</controlfield>
  <datafield tag="010" ind1=" " ind2=" ">
    <subfield code="a">no2004022645</subfield>
  </datafield>
  <datafield tag="035" ind1=" " ind2=" ">
    <subfield code="a">(OCoLC)oca06292097</subfield>
  </datafield>
  <datafield tag="040" ind1=" " ind2=" ">
    <subfield code="a">SaPrUSA</subfield>
    <subfield code="b">eng</subfield>
    <subfield code="c">SaPrUSA</subfield>
  </datafield>
  <datafield tag="100" ind1="1" ind2=" ">
    <subfield code="a">Blignaut, Linda Joyce</subfield>
  </datafield>
  <datafield tag="670" ind1=" " ind2=" ">
    <subfield code="a">Die verband tussen fisiese fiksheid en psigiese welsyn van die werknemer, 1998:</subfield>
    <subfield code="b">t.p. (Linda Joyce Blignaut)</subfield>
  </datafield>
</record>